<record><leader>00000cas a2200000   4500</leader><controlfield tag="001">3983353</controlfield><controlfield tag="008">780619c19019999nyuwn ne      0   a0eng c</controlfield><datafield ind1=" " ind2=" " tag="010"><subfield code="a">sn 78001549 </subfield></datafield><datafield ind1=" " ind2=" " tag="040"><subfield code="a">COO</subfield><subfield code="b">eng</subfield><subfield code="c">COO</subfield><subfield code="d">NSD</subfield><subfield code="d">NYS</subfield><subfield code="d">OCLCQ</subfield><subfield code="d">OCLCO</subfield></datafield><datafield ind1=" " ind2=" " tag="012"><subfield code="l">a</subfield><subfield code="m">d</subfield></datafield><datafield ind1="1" ind2=" " tag="022"><subfield code="a">0005-6014</subfield><subfield code="l">0005-6014</subfield><subfield code="2">1</subfield></datafield><datafield ind1="1" ind2=" " tag="029"><subfield code="a">AU@</subfield><subfield code="b">000020410007</subfield></datafield><datafield ind1=" " ind2=" " tag="032"><subfield code="a">916680</subfield><subfield code="b">USPS</subfield></datafield><datafield ind1=" " ind2=" " tag="037"><subfield code="b">Barnard Bulletin, 107 McIntosh Center, Barnard College, New York, NY, 10027</subfield></datafield><datafield ind1=" " ind2=" " tag="042"><subfield code="a">nsdp</subfield><subfield code="a">pcc</subfield></datafield><datafield ind1=" " ind2=" " tag="043"><subfield code="a">n-us-ny</subfield></datafield><datafield ind1=" " ind2="0" tag="222"><subfield code="a">Barnard bulletin</subfield></datafield><datafield ind1="0" ind2="0" tag="245"><subfield code="a">Barnard bulletin.</subfield></datafield><datafield ind1=" " ind2=" " tag="260"><subfield code="a">New York, N.Y.,</subfield><subfield code="b">Barnard College.</subfield></datafield><datafield ind1=" " ind2=" " tag="300"><subfield code="a">v. :</subfield><subfield code="b">ill. ;</subfield><subfield code="c">31-49 cm.</subfield></datafield><datafield ind1=" " ind2=" " tag="310"><subfield code="a">Weekly(Sept.-May)</subfield><subfield code="b">Oct. 3, 1966-</subfield></datafield><datafield ind1=" " ind2=" " tag="321"><subfield code="a">Semiweekly</subfield><subfield code="b">Sept. 27, 1928-Sept. 27, 1966</subfield></datafield><datafield ind1=" " ind2=" " tag="321"><subfield code="a">Weekly</subfield><subfield code="b">Jan. 7, 1901-May,1966</subfield></datafield><datafield ind1="0" ind2=" " tag="362"><subfield code="a">Vol. 1, no. 1 (Jan. 7, 1901)-</subfield></datafield><datafield ind1=" " ind2=" " tag="515"><subfield code="a">Vol. 35, no. 39 (Apr. 1, 1931) called "Barnard Spectator", Vol. 1, no. 1.</subfield></datafield><datafield ind1=" " ind2=" " tag="530"><subfield code="a">Available on microfilm from Bell &amp; Howell, UMI and Preservation Resources.</subfield></datafield><datafield ind1=" " ind2="0" tag="650"><subfield code="a">College student newspapers and periodicals</subfield><subfield code="z">New York (State)</subfield><subfield code="z">New York.</subfield></datafield><datafield ind1=" " ind2="0" tag="651"><subfield code="a">New York (N.Y.)</subfield><subfield code="v">Newspapers.</subfield></datafield><datafield ind1=" " ind2="0" tag="651"><subfield code="a">New York County (N.Y.)</subfield><subfield code="v">Newsapers.</subfield></datafield><datafield ind1="2" ind2=" " tag="710"><subfield code="a">Barnard College.</subfield></datafield><datafield ind1=" " ind2=" " tag="752"><subfield code="a">United States</subfield><subfield code="b">New York</subfield><subfield code="c">New York</subfield><subfield code="d">New York</subfield></datafield><datafield ind1=" " ind2=" " tag="936"><subfield code="a">Apr. 6. 1983</subfield></datafield></record>